@article{wavelets_intro,
  author  = {Graps, A.},
  journal = {IEEE Computational Science and Engineering},
  title   = {An introduction to wavelets},
  year    = {1995},
  volume  = {2},
  number  = {2},
  pages   = {50-61},
  doi     = {10.1109/99.388960}
}

@inproceedings{wavelets_image_fusion,
  author    = {Chipman, L.J. and Orr, T.M. and Graham, L.N.},
  booktitle = {Proceedings., International Conference on Image Processing},
  title     = {Wavelets and image fusion},
  year      = {1995},
  volume    = {3},
  number    = {},
  pages     = {248-251 vol.3},
  doi       = {10.1109/ICIP.1995.537627}
}

@mastersthesis{wavelet_analysis,
  author = {Tzu-Heng Henry Lee},
  school = {Graduate Institute of Communication Engineering, National Taiwan University, Taipei, Taiwan, ROC},
  title  = {Wavelet Analysis for Image Processing},
  year   = {2017}
}

@article{rabaoui2008using,
  title     = {Using one-class SVMs and wavelets for audio surveillance},
  author    = {Rabaoui, Asma and Davy, Manuel and Rossignol, St{\'e}phane and Ellouze, Noureddine},
  journal   = {IEEE Transactions on information forensics and security},
  volume    = {3},
  number    = {4},
  pages     = {763--775},
  year      = {2008},
  publisher = {IEEE}
}

@article{wavelets_image,
  title     = {Two-dimensional directional wavelets in image processing},
  author    = {Antoine, J-P and Vandergheynst, Pierre and Murenzi, Romain},
  journal   = {International journal of imaging systems and technology},
  volume    = {7},
  number    = {3},
  pages     = {152--165},
  year      = {1996},
  publisher = {Wiley Online Library}
}

@article{wavelets_audio,
  author  = {Chien-Chang Lin and Shi-Huang Chen and Trieu-Kien Truong and Yukon Chang},
  journal = {IEEE Transactions on Speech and Audio Processing},
  title   = {Audio classification and categorization based on wavelets and support vector Machine},
  year    = {2005},
  volume  = {13},
  number  = {5},
  pages   = {644-651},
  doi     = {10.1109/TSA.2005.851880}
}

@article{wavelets_book,
  title  = {Wavelets with applications in signal and image processing},
  author = {Bultheel, Adhemar and Huybrechs, Daan},
  year   = {2014}
}

@misc{dt_manual,
  author       = {darktable comunity},
  howpublished = {https://docs.darktable.org/usermanual/4.2/en},
  title        = {Darktable User Manual},
  year         = {2023},
  url          = {https://docs.darktable.org/usermanual/4.2/en},
  urldate      = {2023-04-05},
  version      = {4.2}
}

@misc{matlab_tutorial,
  author       = {MathWorks},
  howpublished = {https://de.mathworks.com/videos/series/understanding-wavelets-121287.html},
  title        = {Understanding Wavelets},
  url          = {https://de.mathworks.com/videos/series/understanding-wavelets-121287.html},
  urldate      = {2023-04-05}
}

@misc{skin_retouching,
  author       = {Pat David},
  howpublished = {https://patdavid.net/2011/12/getting-around-in-gimp-skin-retouching/},
  title        = {Getting Around in GIMP - Skin Retouching (Wavelet Decompose)},
  year         = {2011},
  url          = {https://patdavid.net/2011/12/getting-around-in-gimp-skin-retouching/},
  urldate      = {2023-04-05}
}

@article{wavelet_vision,
  author  = {Mallat, S.},
  journal = {Proceedings of the IEEE},
  title   = {Wavelets for a vision},
  year    = {1996},
  volume  = {84},
  number  = {4},
  pages   = {604-614},
  doi     = {10.1109/5.488702}
}

@book{wavelet_patterns,
  author    = {Tang, Yuan Yan},
  title     = {Wavelet Theory Approach To Pattern Recognition (2nd Edition)},
  year      = {2009},
  publisher = {World Scientific Publishing Company},
  address   = {Singapore, SINGAPORE},
  keywords  = {Wavelets (Mathematics); Pattern perception.},
  isbn      = {9789814273961},
  url       = {http://ebookcentral.proquest.com/lib/dhbw-stuttgart/detail.action?docID=1679493}
}

@article{friendly_wavelet,
  title  = {A really friendly guide to wavelets},
  author = {Valens, Clemens},
  year   = {1999}
}